@article{Haarsma16,
Author = {Haarsma, R.J. and Roberts, M.J. and Vidale, P.L. and
   Senior, C.A. and Bellucci, A. and Bao, Q. and Chang, P.
   and Corti, S. and Fuckar, N.S. and Guemas, V. and von
   Hardenberg, J. and Hazeleger, W. and Kodama, C. and Koenigk,
   T. and Leung, L.R. and Lu, J. and Luo, J.-J. and Mao, J.
   and Mizielinski, M.S. and Mizuta, R. and Nobre, P. and Satoh,
   M. and Scoccimarro, E. and Semmler, T. and Small, J. and
   von Storch, J.-S.},
Title = {{High Resolution Model Intercomparison Project (HighResMIP v1.0) for
   CMIP6}},
Journal = {Geoscientific Model Development},
Year = {{2016}},
Volume = {{9}},
Number = {{11}},
Pages = {{4185-4208}},
oMonth = {{NOV 22}},
DOI = {{10.5194/gmd-9-4185-2016}},
ISSN = {{1991-959X}},
EISSN = {{1991-9603}},
ResearcherID-Numbers = {{Bao, Qing/A-7765-2012
   Luo, Jing-Jia/B-2481-2008
   Semmler, Tido/B-7666-2017
   Mao, Jiafu/B-9689-2012
   Corti, Susanna/B-8224-2015
   Satoh, Masaki/G-3325-2015
   }},
ORCID-Numbers = {{Luo, Jing-Jia/0000-0003-2181-0638
   Semmler, Tido/0000-0002-2254-4901
   Mao, Jiafu/0000-0002-2050-7373
   Corti, Susanna/0000-0003-4456-6682
   Satoh, Masaki/0000-0003-3580-8897
   Guemas, Virginie/0000-0002-6340-3558
   Vidale, Pier Luigi/0000-0002-1800-8460}},
Times-Cited = {{20}},
Unique-ID = {{ISI:000388191000002}},
}

@article{Eyring16,
Author = {Eyring, V. and Bony, S. and Meehl, G.A. and Senior,
   C.A. and Stevens, B. and Stouffer, R.J. and Taylor, K.E.},
Title = {{Overview of the Coupled Model Intercomparison Project Phase 6 (CMIP6)
   experimental design and organization}},
Journal = {Geoscientific Model Development},
Year = {{2016}},
Volume = {{9}},
Number = {{5}},
Pages = {{1937-1958}},
DOI = {{10.5194/gmd-9-1937-2016}},
ISSN = {{1991-959X}},
EISSN = {{1991-9603}},
ResearcherID-Numbers = {{Stevens, Bjorn/A-1757-2013
   Eyring, Veronika/O-9999-2016
   Taylor, Karl/F-7290-2011
   }},
ORCID-Numbers = {{Stevens, Bjorn/0000-0003-3795-0475
   Eyring, Veronika/0000-0002-6887-4885
   Taylor, Karl/0000-0002-6491-2135
   Bony, Sandrine/0000-0002-4791-4438}},
Times-Cited = {{75}},
Unique-ID = {{ISI:000376937800013}},
}

@article{ Wehner15,
Author = {Wehner, Michael and Prabhat and Reed, Kevin A. and Stone, Daithi and
   Collins, William D. and Bacmeister, Julio},
Title = {{Resolution Dependence of Future Tropical Cyclone Projections of CAM5.1
   in the US CLIVAR Hurricane Working Group Idealized Configurations}},
Journal = {J. Climate},
Year = {{2015}},
Volume = {{28}},
Number = {{10}},
Pages = {{3905-3925}},
oMonth = {{MAY}},
DOI = {{10.1175/JCLI-D-14-00311.1}},
ISSN = {{0894-8755}},
EISSN = {{1520-0442}},
ResearcherID-Numbers = {{Reed, Kevin/C-4466-2012
   Collins, William/J-3147-2014
   Wehner, Michael/F-7841-2015
   }},
ORCID-Numbers = {{Reed, Kevin/0000-0003-3741-7080
   Collins, William/0000-0002-4463-9848
   Wehner, Michael/0000-0001-5991-0082
   Stone, Daithi/0000-0002-2518-100X}},
Times-Cited = {{20}},
Unique-ID = {{ISI:000354370100001}},
}

@article{ Wehner14,
Author = {Wehner, Michael F. and Reed, Kevin A. and Li, Fuyu and Prabhat and
   Bacmeister, Julio and Chen, Cheng-Ta and Paciorek, Christopher and
   Gleckler, Peter J. and Sperber, Kenneth R. and Collins, William D. and
   Gettelman, Andrew and Jablonowski, Christiane},
Title = {{The effect of horizontal resolution on simulation quality in the
   Community Atmospheric Model, CAM5.1}},
Journal = {J. Adv. Modeling Earth Sys.},
Year = {{2014}},
Volume = {{6}},
Number = {{4}},
Pages = {{980-997}},
oMonth = {{DEC}},
DOI = {{10.1002/2013MS000276}},
ISSN = {{1942-2466}},
ResearcherID-Numbers = {{Reed, Kevin/C-4466-2012
   Jablonowski, Christiane/I-9068-2012
   Wehner, Michael/F-7841-2015
   Sperber, Kenneth/H-2333-2012
   Collins, William/J-3147-2014}},
ORCID-Numbers = {{Reed, Kevin/0000-0003-3741-7080
   Jablonowski, Christiane/0000-0003-0407-0092
   Wehner, Michael/0000-0001-5991-0082
   Collins, William/0000-0002-4463-9848}},
Times-Cited = {{50}},
Unique-ID = {{ISI:000349083400002}},
}

@article{ Wehner10,
Author = {Wehner, Michael F. and Smith, Richard L. and Bala, G. and Duffy, Phillip},
Title = {{The effect of horizontal resolution on simulation of very extreme US
   precipitation events in a global atmosphere model}},
Journal = {{Clim. Dyn.}},
Year = {{2010}},
Volume = {{34}},
Number = {{2-3}},
Pages = {{241-247}},
oMonth = {{FEB}},
DOI = {{10.1007/s00382-009-0656-y}},
ISSN = {{0930-7575}},
ResearcherID-Numbers = {{Wehner, Michael/F-7841-2015}},
ORCID-Numbers = {{Wehner, Michael/0000-0001-5991-0082}},
Times-Cited = {{80}},
Unique-ID = {{ISI:000273808400005}},
}
